@article{DBLP:journals/corr/abs-1809-10790,
  author    = {Jonathan Tremblay and
               Thang To and
               Balakumar Sundaralingam and
               Yu Xiang and
               Dieter Fox and
               Stan Birchfield},
  title     = {Deep Object Pose Estimation for Semantic Robotic Grasping of Household
               Objects},
  journal   = {CoRR},
  volume    = {abs/1809.10790},
  year      = {2018},
  url       = {http://arxiv.org/abs/1809.10790},
  archivePrefix = {arXiv},
  eprint    = {1809.10790},
  timestamp = {Fri, 05 Oct 2018 11:34:52 +0200},
  biburl    = {https://dblp.org/rec/bib/journals/corr/abs-1809-10790},
  bibsource = {dblp computer science bibliography, https://dblp.org}
}
